<?xml version="1.0" encoding="UTF-8"?><collection><record><leader>09257ntm a2200661 a 4500</leader><controlfield tag="001">006834155</controlfield><controlfield tag="003">MiAaHDL</controlfield><controlfield tag="005">20190719000000.0</controlfield><controlfield tag="006">m        d        </controlfield><controlfield tag="007">cr bn ---auaua</controlfield><controlfield tag="008">090706s1670    iq            00| ||ara d</controlfield><datafield tag="035" ind1=" " ind2=" "><subfield code="a">(MiU)006834155</subfield></datafield><datafield tag="035" ind1=" " ind2=" "><subfield code="a">sdr-miu006834155</subfield></datafield><datafield tag="040" ind1=" " ind2=" "><subfield code="a">MiU</subfield><subfield code="c">MiU</subfield><subfield code="e">amremm</subfield></datafield><datafield tag="043" ind1=" " ind2=" "><subfield code="a">n-us-mi</subfield></datafield><datafield tag="100" ind1="1" ind2=" "><subfield code="6">880-01</subfield><subfield code="a">Rāghib al-Iṣfahānī, Abū al-Qāsim al-Ḥusayn ibn Muḥammad,</subfield><subfield code="d">-1108 or 1109.</subfield></datafield><datafield tag="240" ind1="1" ind2="0"><subfield code="6">880-02</subfield><subfield code="a">Muḥāḍarāt al-udabāʼ wa-muḥāwarāt al-shuʻarāʼ wa-al-bulaghāʼ</subfield></datafield><datafield tag="245" ind1="1" ind2="0"><subfield code="6">880-03</subfield><subfield code="a">Muḥāḍarāt al-udabāʼ wa-muḥāwarāt al-bulaghāʼ,</subfield><subfield code="f">[1080, i.e. 1670].</subfield></datafield><datafield tag="246" ind1="3" ind2=" "><subfield code="i">Title from titlepiece for second volume (p.179):</subfield><subfield code="a">محاضرات البلغاء ومحاورات الادباء والشعراء</subfield></datafield><datafield tag="246" ind1="3" ind2=" "><subfield code="i">Edge title (tail):</subfield><subfield code="a">كتاب محاضرات راغب</subfield></datafield><datafield tag="260" ind1=" " ind2=" "><subfield code="a">[Karbalāʼ?,</subfield><subfield code="c">1670].</subfield></datafield><datafield tag="300" ind1=" " ind2=" "><subfield code="a">294 leaves :</subfield><subfield code="b">paper ;</subfield><subfield code="c">305 x 195 (237 x 111) mm.</subfield></datafield><datafield tag="500" ind1=" " ind2=" "><subfield code="a">Shelfmark: Ann Arbor, University of Michigan, Special Collections Library, Isl. Ms. 1015</subfield></datafield><datafield tag="500" ind1=" " ind2=" "><subfield code="a">Origin: As appears in colophon on p.588, copied by ʻAbd al-Aʼimmah ibn al-Ḥājjī Khalaf al-Karbalāʼī with transcription completed 12 Shaʻbān 1080 [ca. 5 January 1670] perhaps in Karbalāʼ where the copyist resided.</subfield></datafield><datafield tag="500" ind1=" " ind2=" "><subfield code="a">Accompanying materials: Slip with notes, in pencil, "MAKDISI – III | Muḥāḍarāt al-udabāʼ" and in red ink in hand of Jameson "Leave this slip in book | 293 leaves (last blank | 30 cm. | Back cover detached"</subfield></datafield><datafield tag="500" ind1=" " ind2=" "><subfield code="a">Former shelfmark: Mich. Isl. Ms. temp. no. 164</subfield></datafield><datafield tag="500" ind1=" " ind2=" "><subfield code="a">Binding: Pasteboards covered in brown leather ; Type II binding (with flap) ; doublures in tan leather ; upper and lower covers carry blind-stamped elongated mandorla (filled with floral vegetal composition) and pendants ; now sewn in white thread, two stations ; worked endbands in pink and cream, damaged ; overall in poor condition with much abrasion, staining, minor losses of board, lower cover detached etc. ; repairs to spine and fore edge flap in tan leather.</subfield></datafield><datafield tag="500" ind1=" " ind2=" "><subfield code="a">Support: non-European (likely Persian or Indian) laid paper with 7-8 curved but fairly distinct laid lines per cm. (horizontal) and occasional chain lines visible ; crisp, transluscent, occasional knots and inclusions, dark cream to beige in color, very well burnished to glossy ; staining and tide lines.</subfield></datafield><datafield tag="500" ind1=" " ind2=" "><subfield code="a">Decoration: Headings and keywords rubricated (except in the seventh quire from the end, pp.481-496) ; overlining and textual dividers in the form of inverted commas in red.</subfield></datafield><datafield tag="500" ind1=" " ind2=" "><subfield code="a">Script: Naskh ; elegant, carefully executed Iraqi / Persianate hand in a medium line ; partially but somewhat irregularly seriffed (rightward serifs on many ascenders with the exception of free-standing alif, leftward serif on vertical stroke of kāf) and and fairly vertical (without inclination to the left or right) with some elongation of horizontal strokes, occasional sweeping descenders (final nūn, yāʼ, etc.), pointing (two and three dots) in strokes or conjoined dots, many closed counters ; headings in larger script approaching tawqīʻ (though not extensively ligatured).</subfield></datafield><datafield tag="500" ind1=" " ind2=" "><subfield code="a">Layout: Written in 26 lines per page ; frame-ruled (impression of ruling board evident).</subfield></datafield><datafield tag="500" ind1=" " ind2=" "><subfield code="a">Collation: i, IV-1 (7), 35 IV (287), IV-1 (294) ; almost exclusively quaternions ; catchwords present ; middle of the quire marks in the form of oblique strokes, upper outer corner of the left-hand leaf ; foliation in pencil, Western numerals ; pagination in pencil, Western numerals, supplied during digitization (includes front flyleaf).</subfield></datafield><datafield tag="500" ind1=" " ind2=" "><subfield code="a">Colophon: "Scribal," triangular, reads "اخر المجلدة الرابعة من كتاب محاضرات الادباء ومحاورات البلغاء وبها اتم الكتاب والحمد لله على اتمامه اولا واخرا وظاهرا وباطنا على يد اقل الخليقة بل اللاشيء في الحقيقة العبد الفقير عبد الائمة بن المرحوم الحاجي خلف الكربلائي مولدا وموطنا في اليوم الاحد الثاني عشر من شهر شعبان المعظم من شهور سنة ١٠٨٠ ثمانين والف من الهجرة المصطفوية على مهاجرها الف الف صلوة والف الف تحية واله الاطهار ما لاح الجديران في كل حين واوان تم وكمل وبالخير عم وشمل"</subfield></datafield><datafield tag="500" ind1=" " ind2=" "><subfield code="a">Explicit: "فان اخطأ ركب هو واصحابه وان اصاب حول وجهه فيصير هو السائل"</subfield></datafield><datafield tag="500" ind1=" " ind2=" "><subfield code="a">Incipit: "قال الشيخ ابو القاسم الحسين بن محمد بن المفضل الراغب رحمة الله عليه الحمد لله الذي تقصر الاقطار ان تحويه وتعجز الاستار ان تخفيه ... وبعد فان سيدنا عمر الله بمكانه ... احب ان اختار له مما صنفت من نكت الاخبار ومن عيون الاشعار وغيرهما من الكتب فصولا في محاضرات الادباء ومحاورات البلغاء يجعله صيقل الفهم ومادة العلم ..."</subfield></datafield><datafield tag="500" ind1=" " ind2=" "><subfield code="a">Title from opening matter on p.4 and colophon on p.588.</subfield></datafield><datafield tag="500" ind1=" " ind2=" "><subfield code="a">Ms. codex.</subfield></datafield><datafield tag="510" ind1="4" ind2=" "><subfield code="a">Rowson, E.K. "al-Rag̲h̲ibal- Iṣfahānī, Abu 'l-Ḳāsim al-Ḥusayn b. Muḥammad b. al- Mufaḍḍal." In EI2,</subfield><subfield code="c">vol. VIII, p.389, col. 2</subfield></datafield><datafield tag="510" ind1="4" ind2=" "><subfield code="a">Brockelmann, C. GAL,</subfield><subfield code="c">I 289 ; S I 505-6</subfield></datafield><datafield tag="520" ind1="8" ind2=" "><subfield code="a">Fine copy of the popular adab work by al-Rāghib al-Iṣfahānī addressing in 25 chapters such topics as intellect, food, love, death, animals, etc. and including poetry and short prose anecdotes. Four volumes in one.</subfield></datafield><datafield tag="538" ind1=" " ind2=" "><subfield code="a">Mode of access: Internet.</subfield></datafield><datafield tag="541" ind1=" " ind2=" "><subfield code="c">Purchase ;</subfield><subfield code="a">Purchased in Egypt by Mr. Sulaiman ;</subfield><subfield code="d">Received: 10/17/1968 ;</subfield><subfield code="e">(Sulaiman 690713-156)</subfield></datafield><datafield tag="546" ind1=" " ind2=" "><subfield code="a">Arabic.</subfield></datafield><datafield tag="561" ind1=" " ind2=" "><subfield code="a">Inscribed by UM Library on reinforced 'title page' (p.3) "Spec. Coll. Lib. Sulaiman 690713-156" ; several former owners' marks on 'title page' now obscured by reinforcement (p.3) including statement, rectangular seal impression (repeated twice), and two oval seal impressions, at least one of which accompanied by statement ; ownership statement appears several times including 'title page' for second volume (p.179), close of second volume (p.353), close of third volume (p.466) and final close on p.588 dated Jumādá I 1156 [1743] in Iṣfahān in name of Sharaf al-Dīn Muḥammad Makkī ibn Muḥammad ibn Shams al-Dīn ibn al-Ḥasan Zayn al-Dīn ibn Muḥammad ibn Fakhr al-Dīn ʻAlī of the descendants (سلالة) of al-Shahīd Shams al-Dīn al-Sharīf Muḥammad ibn Makkī al-Muṭallibī al-Ḥārithī al-Khazrajī [?] al-ʻĀmilī ( شرف الدين محمد مكي بن محمد بن شمس الدين بن الحسن زين الدين بن محمد بن فخر الدين علي من سلالة الشهيد السعيد شمس الملة والدين الشريف محمد بن مكي المطلبي الحارثي الخزرجي [؟] العاملي) accompanied by rectangular seal impression (repeated here four times and elsewhere in margins, see p.199, 201, 205, etc. and even in occasional lacuae left for rubrics, see p.483) ; a further ownership statement appears at close on p.588 dated 1173 [1759 or 60] in the name of Muḥammad Bahāʼ al-Dīn Abī al-Maʻālī also of the descendants (ذرية) of Shams al-Dīn al-Sharīf Abī ʻAbd Allāh al-Shahīd Muḥammad ibn Sharaf al-Dīn Makkī al-Muṭallibī al-Ḥārithī al-Khazrajī [?] al-ʻĀmilī ... (محمد بهاء الدين ابي المعالي من ذرية شمس الملة والحق والدين الشريف ابي عبد الله الشهيد محمد بن شرف الدين مكي المطلبي الحارثي الخزرجي [؟] العاملي ...) ; occasional marginal corrections.</subfield></datafield><datafield tag="650" ind1=" " ind2="0"><subfield code="a">Manuscripts, Arabic</subfield><subfield code="z">Michigan</subfield><subfield code="z">Ann Arbor.</subfield></datafield><datafield tag="650" ind1=" " ind2="0"><subfield code="a">Arabic prose literature</subfield><subfield code="v">Early works to 1800.</subfield></datafield><datafield tag="650" ind1=" " ind2="0"><subfield code="a">Arabic poetry</subfield><subfield code="v">Early works to 1800.</subfield></datafield><datafield tag="650" ind1=" " ind2="0"><subfield code="a">Arabic literature</subfield><subfield code="v">Anecdotes</subfield><subfield code="v">Early works to 1800.</subfield></datafield><datafield tag="700" ind1="0" ind2=" "><subfield code="6">880-09</subfield><subfield code="a">Muḥammad Bahāʼ al-Dīn Abī al-Maʻālī,</subfield><subfield code="d">fl. 1759,</subfield><subfield code="e">former owner.</subfield></datafield><datafield tag="700" ind1="0" ind2=" "><subfield code="6">880-08</subfield><subfield code="a">Sharaf al-Dīn Muḥammad Makkī ibn Muḥammad ibn Shams al-Dīn,</subfield><subfield code="d">fl. 1743,</subfield><subfield code="e">former owner.</subfield></datafield><datafield tag="700" ind1="0" ind2=" "><subfield code="6">880-07</subfield><subfield code="a">ʻAbd al-Aʼimmah ibn Khalaf al-Karbalāʼī,</subfield><subfield code="d">fl. 1670,</subfield><subfield code="e">scribe.</subfield></datafield><datafield tag="773" ind1="0" ind2=" "><subfield code="a">Sulaiman Purchase Collection.</subfield></datafield><datafield tag="880" ind1="0" ind2=" "><subfield code="6">700-09/</subfield><subfield code="a">محمد بهاء الدين ابي المعالي,</subfield><subfield code="e">مالك سابق.</subfield></datafield><datafield tag="880" ind1="0" ind2=" "><subfield code="6">700-08/</subfield><subfield code="a">شرف الدين محمد مكي بن محمد بن شمس الدين,</subfield><subfield code="e">مالك سابق.</subfield></datafield><datafield tag="880" ind1="0" ind2=" "><subfield code="6">700-07/</subfield><subfield code="a">عبد الائمة بن خلف الكربلائي,</subfield><subfield code="e">ناسخ.</subfield></datafield><datafield tag="880" ind1="1" ind2="0"><subfield code="6">245-03/</subfield><subfield code="a">محاضرات الادباء ومحاورات البلغاء,</subfield><subfield code="f">[1080ه، 1670م].</subfield></datafield><datafield tag="880" ind1="1" ind2="0"><subfield code="6">240-02/</subfield><subfield code="a">محاضرات الادباء ومحاورات الشعراء والبلغاء</subfield></datafield><datafield tag="880" ind1="1" ind2=" "><subfield code="6">100-01/</subfield><subfield code="a">راغب الاصفهاني, ابو القاسم الحسين بن محمد.</subfield></datafield><datafield tag="CID" ind1=" " ind2=" "><subfield code="a">006834155</subfield></datafield><datafield tag="DAT" ind1="0" ind2=" "><subfield code="a">20190719102641.0</subfield><subfield code="b">20190719000000.0</subfield></datafield><datafield tag="DAT" ind1="1" ind2=" "><subfield code="a">20190719090653.0</subfield><subfield code="b">2019-07-19T16:12:32Z</subfield></datafield><datafield tag="DAT" ind1="2" ind2=" "><subfield code="a">2015-10-02T18:00:03Z</subfield></datafield><datafield tag="CAT" ind1=" " ind2=" "><subfield code="a">SDR-MIU</subfield><subfield code="d">EX LIBRIS - ALEPH</subfield><subfield code="l">prepare.pl-004-008</subfield></datafield><datafield tag="FMT" ind1=" " ind2=" "><subfield code="a">BK</subfield></datafield><datafield tag="HOL" ind1=" " ind2=" "><subfield code="0">sdr-miu006834155</subfield><subfield code="a">MiU</subfield><subfield code="b">SDR</subfield><subfield code="c">MIU</subfield><subfield code="p">mdp.39015079131994</subfield><subfield code="s">MIU</subfield><subfield code="1">006834155</subfield></datafield><datafield tag="974" ind1=" " ind2=" "><subfield code="b">MIU</subfield><subfield code="c">MIU</subfield><subfield code="d">20190719</subfield><subfield code="s">lit-dlps-dc</subfield><subfield code="u">mdp.39015079131994</subfield><subfield code="y">1670</subfield><subfield code="r">pd</subfield><subfield code="q">bib</subfield><subfield code="t">non-US bib date1 &lt; 1896</subfield></datafield></record></collection>